<?xml version="1.0" encoding="utf-8"?>
<record xmlns="http://www.loc.gov/MARC21/slim" xmlns:xsi="http://www.w3.org/2001/XMLSchema-instance" xsi:schemaLocation="http://www.loc.gov/MARC21/slim http://www.loc.gov/standards/marcxml/schema/MARC21slim.xsd">
	<leader>     nam a22     Mi 4500</leader>
	<controlfield tag="001">b12093415</controlfield>
	<controlfield tag="003">UaCaAUL</controlfield>
	<controlfield tag="006">m        d        </controlfield>
	<controlfield tag="007">cr cn |||m|||a</controlfield>
	<controlfield tag="008">200513m19359999ua ab   ob    001 0 ara d</controlfield>
	<datafield ind1=" " ind2=" " tag="040">
		<subfield code="a">ZYU</subfield>
		<subfield code="b">ara</subfield>
		<subfield code="e">rda</subfield>
		<subfield code="c">ZYU</subfield>
	</datafield>
	<datafield ind1=" " ind2=" " tag="043">
		<subfield code="a">aw-----</subfield>
		<subfield code="a">ff-----</subfield>
		<subfield code="a">e-sp---</subfield>
	</datafield>
	<datafield ind1=" " ind2="4" tag="050">
		<subfield code="a">DS38.6</subfield>
		<subfield code="b">.H36 1935</subfield>
	</datafield>
	<datafield ind1="1" ind2=" " tag="100">
		<subfield code="6">880-01</subfield>
		<subfield code="a">Ḥasan, Ḥasan Ibrāhīm.</subfield>
	</datafield>
	<datafield ind1="1" ind2="0" tag="245">
		<subfield code="6">880-02</subfield>
		<subfield code="a">Tārīkh al-Islām al-siyāsī /</subfield>
		<subfield code="c">taʼlīf Ḥasan Ibrāhīm Ḥasan, diblūm al-Muʻallimīn al-ʻUlyā, wa-līsāns fī al-ādāb, wa-duktūr fī al-ādāb (al-Jāmiʻah al-Miṣrīyah), wa-duktūr fī al-falsafah, wa-duktūr fī al-ādāb (fī al-tārīkh al-Islāmī) Jāmiʻat Landan, wa-ʻuḍw al-Jamʻīyah al-Asyawīyah al-Malakīyah bi-Injiltrā, wa-zamīl Jamʻīyat al-Funūn al-Malakīyah bi-Injiltirā, Ph. D., D. Litt. (London), MRAS., FRSA., ustādh al-tārīkh al-islāmī al-musāʻid bi-Kullīyat al-Ādāb bi-al-Jāmiʻah al-Miṣrīyah.</subfield>
	</datafield>
	<datafield ind1=" " ind2=" " tag="250">
		<subfield code="6">880-03</subfield>
		<subfield code="a">al-Ṭabʻah al-ūlá.</subfield>
	</datafield>
	<datafield ind1=" " ind2="1" tag="264">
		<subfield code="6">880-04</subfield>
		<subfield code="a">Miṣr :</subfield>
		<subfield code="b">al-Maktabah al-Tijārīyah al-Kubrá bi-shāriʻ Muḥammad ʻAlī bi-Miṣr,</subfield>
		<subfield code="c">1353 H, 1935 M-</subfield>
	</datafield>
	<datafield ind1=" " ind2="3" tag="264">
		<subfield code="6">880-05</subfield>
		<subfield code="a">al-Qāhirah :</subfield>
		<subfield code="b">Maṭbaʻat Ḥijāzī bi-al-Qāhirah,</subfield>
		<subfield code="c">1353 H, 1935 M-</subfield>
	</datafield>
	<datafield ind1=" " ind2=" " tag="300">
		<subfield code="a">online resource (volumes) :</subfield>
		<subfield code="b">illustrations, maps</subfield>
	</datafield>
	<datafield ind1=" " ind2=" " tag="336">
		<subfield code="a">text</subfield>
		<subfield code="2">rdacontent</subfield>
	</datafield>
	<datafield ind1=" " ind2=" " tag="337">
		<subfield code="a">computer</subfield>
		<subfield code="2">rdamedia</subfield>
	</datafield>
	<datafield ind1=" " ind2=" " tag="338">
		<subfield code="a">online resource</subfield>
		<subfield code="2">rdacarrier</subfield>
	</datafield>
	<datafield ind1=" " ind2=" " tag="500">
		<subfield code="6">880-06</subfield>
		<subfield code="a">Yuṭlab min al-muʼallif wa-min al-Maktabah al-Tijārīyah al-Kubrá bi-shāriʻ Muḥammad ʻAlī bi-Miṣr li-ṣāḥibihā Muṣṭafá Muḥammad.</subfield>
	</datafield>
	<datafield ind1=" " ind2=" " tag="500">
		<subfield code="6">880-07</subfield>
		<subfield code="a">Ḥuqūq al-ṭabʻ maḥfūẓah.</subfield>
	</datafield>
	<datafield ind1=" " ind2=" " tag="500">
		<subfield code="a">Volumes 2-3 published by Maktabat al-Nahḍah al-Miṣrīyah.</subfield>
	</datafield>
	<datafield ind1=" " ind2=" " tag="500">
		<subfield code="a">Part of the Arabic Collections Online (ACO) project, contributed by American University in Cairo Library.</subfield>
	</datafield>
	<datafield ind1=" " ind2=" " tag="504">
		<subfield code="a">Includes bibliographical references and indexes.</subfield>
	</datafield>
	<datafield ind1="1" ind2=" " tag="505">
		<subfield code="6">880-08</subfield>
		<subfield code="a">al-Juzʼ al-awwal. Yabḥath fī Tārikh al-ʻArab qabla al-Islām, wa-al-baʻthah al-Nabawīyah, wa-al-khulafāʼ al-rāshidīn, wa-al-dawlah al-Umawīyah, wa-al-ḥaḍārah al-ʻarabīyah fī ʻahd al-khulafāʼ al-rāshidīn wa-al-umawiyīn. -- al-Juzʼ al-thānī. al-ʻAṣr al-ʻAbbāsī al-awwal, 132-232 H (750-843 M). -- al-Juzʼ al-thālith. al-ʻAṣr al-ʻAbbāsī al-thānī, 232-447 H.</subfield>
	</datafield>
	<datafield ind1=" " ind2=" " tag="533">
		<subfield code="a">Electronic reproduction.</subfield>
		<subfield code="b">New York, N.Y. :</subfield>
		<subfield code="c">New York University,</subfield>
		<subfield code="d">2020.</subfield>
		<subfield code="5">NNU</subfield>
	</datafield>
	<datafield ind1=" " ind2="0" tag="651">
		<subfield code="a">Islamic Empire</subfield>
		<subfield code="x">History.</subfield>
	</datafield>
	<datafield ind1=" " ind2="0" tag="650">
		<subfield code="a">Islamic civilization.</subfield>
	</datafield>
	<datafield ind1=" " ind2="0" tag="651">
		<subfield code="a">Islamic Empire</subfield>
		<subfield code="x">Politics and government.</subfield>
	</datafield>
	<datafield ind1=" " ind2="7" tag="650">
		<subfield code="a">Politics and government.</subfield>
		<subfield code="2">fast</subfield>
		<subfield code="0">(OCoLC)fst01919741</subfield>
	</datafield>
	<datafield ind1=" " ind2="7" tag="650">
		<subfield code="a">Islamic civilization.</subfield>
		<subfield code="2">fast</subfield>
		<subfield code="0">(OCoLC)fst01730294</subfield>
	</datafield>
	<datafield ind1=" " ind2="7" tag="651">
		<subfield code="a">Islamic Empire.</subfield>
		<subfield code="2">fast</subfield>
		<subfield code="0">(OCoLC)fst01244134</subfield>
	</datafield>
	<datafield ind1=" " ind2="7" tag="655">
		<subfield code="a">History.</subfield>
		<subfield code="2">fast</subfield>
		<subfield code="0">(OCoLC)fst01411628</subfield>
	</datafield>
	<datafield ind1="2" ind2=" " tag="710">
		<subfield code="a">American University in Cairo.</subfield>
		<subfield code="b">Library.</subfield>
	</datafield>
	<datafield ind1="0" ind2=" " tag="730">
		<subfield code="a">Arabic Collections Online.</subfield>
	</datafield>
	<datafield ind1="0" ind2="8" tag="776">
		<subfield code="i">Print version:</subfield>
		<subfield code="a">Ḥasan, Ḥasan Ibrāhīm.</subfield>
		<subfield code="t">Tārīkh al-Islām al-siyāsī</subfield>
		<subfield code="w">(UaCaAUL)b12093415</subfield>
		<subfield code="w">(OCoLC)28060740</subfield>
	</datafield>
	<datafield ind1="4" ind2="0" tag="856">
		<subfield code="u">http://hdl.handle.net/2333.1/z34tn0d2</subfield>
	</datafield>
	<datafield ind1="1" ind2=" " tag="880">
		<subfield code="6">100-01</subfield>
		<subfield code="a">حسن، حسن ابراهيم.</subfield>
	</datafield>
	<datafield ind1="1" ind2="0" tag="880">
		<subfield code="6">245-02</subfield>
		<subfield code="a">تاريخ الإسلام السياسي /</subfield>
		<subfield code="c">تأليف حسن ابراهيم حسن، دبلوم المعلمين العليا، وليسانس في الآداب، ودكتور في الآداب (لجامعة المصرية)، ودكتور في الفلسفة، ودكتور في الآداب (في التاريخ الاسلامي) جامعة لندن، وعضو الجمعية الاسيوية الملكية بانجلترا، وزميل جمعية الفنون الملكية بانجلترا، استاذ التاريخ الاسلامي المساعد بكلية الآداب بالجامعة المصرية.</subfield>
	</datafield>
	<datafield ind1=" " ind2=" " tag="880">
		<subfield code="6">250-03</subfield>
		<subfield code="a">الطبعة الأولى.</subfield>
	</datafield>
	<datafield ind1=" " ind2="1" tag="880">
		<subfield code="6">264-04</subfield>
		<subfield code="a">مصر :</subfield>
		<subfield code="b">المكتبة التجارية الكبرى بشارع محمد علي بمصر،</subfield>
		<subfield code="c">1353 ه، 1935 م-</subfield>
	</datafield>
	<datafield ind1=" " ind2="3" tag="880">
		<subfield code="6">264-05</subfield>
		<subfield code="a">القاهرة :</subfield>
		<subfield code="b">مطبعة حجازي بالقاهرة،</subfield>
		<subfield code="c">1353 ه، 1935 م-</subfield>
	</datafield>
	<datafield ind1=" " ind2=" " tag="880">
		<subfield code="6">500-06</subfield>
		<subfield code="a">يطلب من المؤلف ومن المكتبة التجارية الكبرى بشارع محمد علي بمصر لصاحبها مصطفى محمد.</subfield>
	</datafield>
	<datafield ind1=" " ind2=" " tag="880">
		<subfield code="6">500-07</subfield>
		<subfield code="a">حقوق الطبع محفوظة.</subfield>
	</datafield>
	<datafield ind1="1" ind2=" " tag="880">
		<subfield code="6">505-08</subfield>
		<subfield code="a">الجزء الأول. يبحث في تارخ العرب قبل الاسلام، والبعثة النبوية، والخلفاء الراشدين، والدولة الأموية، والحضارة العربية في عهد الخلفاء الراشدين والأمويين. -- الجزء الثاني. العصر العباسي الأول، 132-232 ه (750-843 م). -- الجزء الثالث. العصر العباسي الثاني، 232-447 ه.</subfield>
	</datafield>
	<datafield ind1=" " ind2=" " tag="959">
		<subfield code="a">NNU</subfield>
		<subfield code="b">WEB</subfield>
		<subfield code="c">GENI</subfield>
		<subfield code="t">0</subfield>
		<subfield code="m">Electronic access</subfield>
		<subfield code="s">01</subfield>
	</datafield>
	<datafield ind1=" " ind2=" " tag="999">
		<subfield code="i">UaCaAUL_b12093415</subfield>
		<subfield code="o">(OCoLC)ocm28060740</subfield>
		<subfield code="s">auc_aco001135:v.1</subfield>
		<subfield code="s">auc_aco001136:v.2</subfield>
		<subfield code="s">auc_aco001135:v.1</subfield>
		<subfield code="s">auc_aco001136:v.2</subfield>
	</datafield>
</record>
